@inproceedings{Chen2018:HorseIR,
  Author    = {Chen, Hanfeng and D'silva, Joseph Vinish and Chen, Hongji and Kemme, Bettina and Hendren, Laurie},
  Title     = {{HorseIR: Bringing Array Programming Languages Together with Database Query Processing}},
  Booktitle = {Proceedings of the 14th ACM SIGPLAN International Symposium on Dynamic Languages (DLS'18)},
  Year      = {2018},
  Pages     = {37--49}
}

@inproceedings{ShaikhhaKPBD016,
  author    = {Amir Shaikhha and
               Yannis Klonatos and
               Lionel Parreaux and
               Lewis Brown and
               Mohammad Dashti and
               Christoph Koch},
  title     = {{How to Architect a Query Compiler}},
  booktitle = {{Special Interest Group on Management of Data (SIGMOD'16)}},
  pages     = {1907--1922},
  year      = {2016}
}

@inproceedings{TahboubER18:Revisited,
  Author    = {Ruby Y. Tahboub and Gr{\'{e}}gory M. Essertel and Tiark Rompf},
  Title     = {{How to Architect a Query Compiler, Revisited}},
  Booktitle = {Proceedings of the 2018 International Conference on Management of Data, {SIGMOD '18}},
  Year      = {2018},
  Pages     = {307--322},
}



@article{Gray2007:Tape,
  title     = {{Tape is dead, disk is tape, flash is disk, RAM locality is king}},
  author    = {Gray, Jim},
  journal   = {Gong Show Presentation at CIDR},
  pages     = {231--242},
  year      = {2007}
}

@article{IversonTuringAward,
  author    = {Kenneth E. Iverson},
  title     = {{Notation as a Tool of Thought}},
  journal   = {Commun. {ACM}},
  volume    = {23},
  number    = {8},
  pages     = {444--465},
  year      = {1980}
}

@misc{KxCompany,
 author  = {{kx}},
 title   = {{KDB+/Q Database System}},
 year    = 2018,
 url     = "https://kx.com/",
 lastaccessed = "June 2018"
}

@misc{MemSQL,
 title = {{MemSQL}},
 howpublished = "\url{https://www.memsql.com/}",
 note = "[Online; accessed August-2017]"
}

@misc{PCRE,
 title = {{PCRE - Perl Compatible Regular Expressions}},
 howpublished = "\url{https://pcre.org/}",
 note = "[Online; accessed August-2017]"
}

@inproceedings{BonczZN05,
  author    = {Peter A. Boncz and
               Marcin Zukowski and
               Niels Nes},
  title     = {{MonetDB/X100: Hyper-Pipelining Query Execution}},
  booktitle = {{Conference on Innovative Data Systems Research (CIDR)}},
  pages     = {225--237},
  year      = {2005}
}

@article{Neumann2011:HyPer,
  comment   = {describes SQL to LLVM},
  author    = {Thomas Neumann},
  title     = {{Efficiently Compiling Efficient Query Plans for Modern Hardware}},
  journal   = {{PVLDB}},
  volume    = {4},
  number    = {9},
  pages     = {539--550},
  year      = {2011}
}

@article{Ahmad2009DBToasterAS,
  title     = {{DBToaster: A SQL Compiler for High-Performance Delta Processing in Main-Memory Databases}},
  author    = {Yanif Ahmad and Christoph Koch},
  journal   = {PVLDB},
  year      = {2009},
  volume    = {2},
  pages     = {1566-1569}
}

@article{KochAKNNLS14,
  author    = {Christoph Koch and
               Yanif Ahmad and
               Oliver Kennedy and
               Milos Nikolic and
               Andres N{\"{o}}tzli and
               Daniel Lupei and
               Amir Shaikhha},
  title     = {{DBToaster: higher-order delta processing for dynamic, frequently fresh
               views}},
  journal   = {{VLDB J.}},
  volume    = {23},
  number    = {2},
  pages     = {253--278},
  year      = {2014}
}

@inproceedings{paradies2017graphscript,
  title={{GraphScript: implementing complex graph algorithms in SAP HANA}},
  author={Paradies, Marcus and Kinder, Cornelia and Bross, Jan and Fischer, Thomas and Kasperovics, Romans and Gildhoff, Hinnerk},
  booktitle={Proceedings of The 16th International Symposium on Database Programming Languages},
  pages={13},
  year={2017},
  organization={ACM}
}

@article{ChingZ12parallel,
  author    = {Wai{-}Mee Ching and
               Da Zheng},
  title     = {{Automatic Parallelization of Array-oriented Programs for a Multi-core
               Machine}},
  journal   = {International Journal of Parallel Programming},
  volume    = {40},
  number    = {5},
  pages     = {514--531},
  year      = {2012}
}

@inproceedings{ZhangKM13sciql,
  author    = {Ying Zhang and
               Martin L. Kersten and
               Stefan Manegold},
  title     = {{SciQL: Array Data Processing Inside an RDBMS}},
  booktitle = {{Special Interest Group on Management of Data (SIGMOD)}},
  pages     = {1049--1052},
  year      = {2013}
}



@inproceedings{RaasveldtM16,
  author    = {Mark Raasveldt and
               Hannes M{\"{u}}hleisen},
  title     = {{Vectorized UDFs in Column-Stores}},
  booktitle = {Proceedings of the 28th International Conference on Scientific and
               Statistical Database Management, {SSDBM} 2016, Budapest, Hungary,
               July 18-20, 2016},
  pages     = {16:1--16:12},
  year      = {2016}
}

@article{CrottyUDF15,
  author    = {Andrew Crotty and
               Alex Galakatos and
               Kayhan Dursun and
               Tim Kraska and
               Carsten Binnig and
               Ugur {\c{C}}etintemel and
               Stan Zdonik},
  title     = {{An Architecture for Compiling UDF-centric Workflows}},
  journal   = {{PVLDB}},
  volume    = {8},
  number    = {12},
  pages     = {1466--1477},
  year      = {2015}
}


@inproceedings{CrottyTupleware15,
  author    = {Andrew Crotty and
               Alex Galakatos and
               Kayhan Dursun and
               Tim Kraska and
               Ugur {\c{C}}etintemel and
               Stanley B. Zdonik},
  title     = {{Tupleware: "Big" Data, Big Analytics, Small Clusters}},
  booktitle = {{CIDR} 2015, Asilomar, CA, USA, January 4-7, 2015, Online Proceedings},
  year      = {2015}
}


@article{Koch14,
  author    = {Christoph Koch},
  title     = {{Abstraction Without Regret in Database Systems Building: a Manifesto}},
  journal   = {{IEEE} Data Eng. Bull.},
  volume    = {37},
  number    = {1},
  pages     = {70--79},
  year      = {2014}
}

@inproceedings{ChenKLH16,
  author    = {Hanfeng Chen and
               Alexander Krolik and
               Erick Lavoie and
               Laurie J. Hendren},
  title     = {{Automatic Vectorization for {MATLAB}}},
  booktitle = {{Languages and Compilers for Parallel Computing (LCPC'16)}},
  pages     = {171--187},
  year      = {2016}
}

@inproceedings{Kennedy1993:LoopFusion,
  author    = {Ken Kennedy and
               Kathryn S. McKinley},
  title     = {{Maximizing Loop Parallelism and Improving Data Locality via Loop Fusion
               and Distribution}},
  booktitle = {Languages and Compilers for Parallel Computing (LCPC'93)},
  pages     = {301--320},
  year      = {1993}
}


@inproceedings{DohertyH12,
  author    = {Jesse Doherty and
               Laurie J. Hendren},
  title     = {{McSAF: A Static Analysis Framework for MATLAB}},
  booktitle = {{ECOOP} 2012, Beijing, China, June 11-16, 2012. Proceedings},
  pages     = {132--155},
  year      = {2012}
}


@article{GarciaH1992,
  comment   = {added by Joseph for in memory databases},
  author    = {Garcia-Molina, Hector and Salem, Kenneth},
  title     = {{Main Memory Database Systems: An Overview}},
  journal   = {Transactions on Knowledge and Data Engineering},
  volume    = {4},
  number    = {6},
  pages     = {509--516},
  year      = {1992},
  publisher = {IEEE}
}


@article{IhakaR1996,
  comment   = {added by Joseph for R language},
  title     = {{R: A Language for Data Analysis and Graphics}},
  author    = {Ihaka, Ross and Gentleman, Robert},
  journal   = {Journal of Computational and Graphical Statistics},
  volume    = {5},
  number    = {3},
  pages     = {299--314},
  year      = {1996},
  publisher = {Taylor \& Francis}
}


@techreport{ISOSQL2016,
  comment   = {added by Joseph for ISO/SQL standard},
  type      = {Standard},
  key       = {ISO/IEC 9075-1:2016},
  month     = Dec,
  year      = {2016},
  title     = {{Information technology -- Database languages -- SQL -- Part 1: Framework (SQL/Framework)}},
  institution = {International Organization for Standardization}
}


@inproceedings{LinnemannV1988,
  comment   = {added by Joseph, this is the pioneering work on UDFs},
  title     = {{Design and Implementation of an Extensible Database Management System Supporting User Defined Data Types and Functions.}},
  author    = {Linnemann, Volker and K{\"u}spert, Klaus and Dadam, Peter and Pistor, Peter and Erbe, R and Kemper, Alfons and S{\"u}dkamp, Norbert and Walch, Georg and Wallrath, Mechtild},
  booktitle = {VLDB},
  pages     = {294--305},
  year      = {1988}
}


@inproceedings{PLrankings2014,
  comment   = {added by Joseph, Popularity of programming languages},
  title     = {{Data-Driven Rankings: the Design and Development of the IEEE Top Programming Languages News App}},
  author    = {Diakopoulos, Nicholas and Cass, Stephen and Romero, Joshua},
  booktitle = {Symp. on Comp.+ Journalism},
  year      = {2014}
}


@inproceedings{MuhleisenH2013,
  comment   = {added by Joseph, describes embedding R in monetdb},
  title     = {{Best of Both Worlds: Relational Databases and Statistics}},
  author    = {M{\"u}hleisen, Hannes and Lumley, Thomas},
  booktitle = {International Conference on Scientific and Statistical Database Management},
  pages     = {32},
  year      = {2013},
  organization={ACM}
}


@inproceedings{PostgresqlD2017,
  comment   = {added by Joseph, describes embedding languages/UDF in Postgresql},
  title     = {{Procedural Languages}},
  author    = "{The PostgreSQL Global Development Group}",
  booktitle = {PostgreSQL 10.0 Documentation},
  year      = {2017}
}


@article{GrosseP2011,
  comment   = {added by Joseph, describes embedding R in SAP},
  title     = {{Bridging Two Worlds with RICE Integrating R into the SAP In-Memory Computing Engine.}},
  author    = {Gro{\ss}e, Philipp and Lehner, Wolfgang and Weichert, Thomas and F{\"a}rber, Franz and Li, Wen-Syan},
  journal   = {Proc. of the VLDB},
  volume    = {4},
  number    = {12},
  pages     = {1307--1317},
  year      = {2011},
  publisher = {VLDB Endowment}
}


@techreport{MillerT2016,
  comment   = {added by Joseph, describes embedding R and Python in Teradata},
  author    = {Miller, Tim},
  title     = {{Using R and Python in the Teradata Database}},
  year      = 2016,
  type      = "White paper",
  institution="{Teradata}"
}


@article{AbadiD2009,
  comment   = {added by Joseph, describes column-stores},
  title     = {{Column-oriented database systems}},
  author    = {Abadi, Daniel J and Boncz, Peter A and Harizopoulos, Stavros},
  journal   = {Proc. of the VLDB},
  volume    = {2},
  number    = {2},
  pages     = {1664--1665},
  year      = {2009},
  publisher = {VLDB Endowment}
}

@inproceedings{KemperN11,
  comment   = {describes HyPer},
  author    = {Alfons Kemper and
               Thomas Neumann},
  title     = {{HyPer: A Hybrid OLTP{\&}OLAP Main Memory Database System Based
               on Virtual Memory Snapshots}},
  booktitle = {International Conference on Data Engineering (ICDE)},
  pages     = {195--206},
  year      = {2011}
}

@inproceedings{MouginD03,
  comment   = {describe object-oriented array programming},
  author    = {Philippe Mougin and
               St{\'{e}}phane Ducasse},
  title     = {{OOPAL: Integrating Array Programming in Object-oriented Programming}},
  booktitle = {Proceedings of the 2003 {ACM} {SIGPLAN} Conference on Object-Oriented
               Programming Systems, Languages and Applications, {OOPSLA} 2003, October
               26-30, 2003, Anaheim, CA, {USA}},
  pages     = {65--77},
  year      = {2003}
}


@article{JarkeM1984,
  comment   = {added by Joseph, a survey on various query optimization techniques},
  title     = {{Query Optimization in Database Systems}},
  author    = {Jarke, Matthias and Koch, Jurgen},
  journal   = {ACM Computing Surveys},
  volume    = {16},
  number    = {2},
  pages     = {111--152},
  year      = {1984},
  publisher = {ACM}
}

@inproceedings{ChamberlinD1974,
  comment   = {added by Joseph, initial proposal of SQL as a declarative language},
  title     = {{SEQUEL: A Structured English Query Language}},
  author    = {Chamberlin, Donald D and Boyce, Raymond F},
  booktitle = {Proc. ACM SIGFIDET (now SIGMOD) Workshop on Data Description, Access and Control},
  pages     = {249--264},
  year      = {1974},
  organization={ACM}
}

@article{IbarakiT1984,
  comment   = {added by Joseph, states query optimization as an NP-complete problem},
  title     = {{On the Optimal Nesting Order for Computing N-Relational Joins}},
  author    = {Ibaraki, Toshihide and Kameda, Tiko},
  journal   = {ACM Transactions on Database Systems},
  volume    = {9},
  number    = {3},
  pages     = {482--502},
  year      = {1984},
  publisher = {ACM}
}

@article{IoannidisY1996,
  comment   = {added by Joseph, a survey on various query optimization techniques},
  title     = {{Query Optimization}},
  author    = {Ioannidis, Yannis E},
  journal   = {ACM Computing Surveys},
  volume    = {28},
  number    = {1},
  pages     = {121--123},
  year      = {1996},
  publisher ={ACM}
}

@article{ManninoM1988,
  comment   = {added by Joseph, describes data profiling for database cost model},
  title     = {{Statistical Profile Estimation in Database Systems}},
  author    = {Mannino, Michael V and Chu, Paicheng and Sager, Thomas},
  journal   = {ACM Computing Surveys},
  volume    = {20},
  number    = {3},
  pages     = {191--221},
  year      = {1988},
  publisher = {ACM}
}

@inproceedings{SelingerP1979,
  comment   = {added by Joseph, an initial attempt to include CPU in cost model},
  title     = {{Access Path Selection in a Relational Database Management System}},
  author    = {Selinger, P Griffiths and Astrahan, Morton M and Chamberlin, Donald D and Lorie, Raymond A and Price, Thomas G},
  booktitle = {Special Interest Group on Management of Data (SIGMOD)},
  pages     = {23--34},
  year      = {1979},
  organization={ACM}
}

@inproceedings{AilamakiA1999,
  comment   = {added by Joseph, an analysis of CPU/Memory with database workloads},
  title     = {{DBMSs On A Modern Processor: Where Does Time Go?}},
  author    = {Ailamaki, Anastassia and DeWitt, David J and Hill, Mark D and Wood, David A},
  booktitle = {Conference on Very Large Data Bases (VLDB)},
  number    = {DIAS-CONF-1999-001},
  pages     = {266--277},
  year      = {1999}
}

@inproceedings{CaoQ1999,
  comment   = {added by Joseph, an analysis of CPU/Memory with database workloads},
  title     = {{Detailed Characterization of a Quad Pentium Pro Server Running TPC-D}},
  author    = {Cao, Qiang and Trancoso, Pedro and Larriba-Pey, J-L and Torrellas, Josep and Knighten, Robert and Won, Youjip},
  booktitle = {International Conference on Computer Design (ICCD)},
  pages     = {108--115},
  year      = {1999},
  organization={IEEE}
}

@inproceedings{PadmanabhanS2001,
  comment   = {added by Joseph, an initial attempt on block oriented data processing for CPU/Memory optimization},
  title     = {{Block Oriented Processing of Relational Database Operations in Modern Computer Architectures}},
  author    = {Padmanabhan, Sriram and Malkemus, Timothy and Jhingran, Anant and Agarwal, Ramesh},
  booktitle = {International Conference on Data Engineering (ICDE)},
  pages     = {567--574},
  year      = {2001},
  organization={IEEE}
}

@inproceedings{ZhouJ2004,
  comment   = {added by Joseph, an initial attempt on block oriented data processing for CPU/Memory optimization},
  title     = {{Buffering Database Operations for Enhanced Instruction Cache Performance}},
  author    = {Zhou, Jingren and Ross, Kenneth A},
  booktitle = {Special Interest Group on Management of Data (SIGMOD)},
  pages     = {191--202},
  year      = {2004}
}

@inproceedings{LajusJ2014,
  comment   = {added by Joseph, describes how MonetDB passed data to R without making a copy},
  title     = {{Efficient Data Management and Statistics with Zero-Copy Integration}},
  author     = {Lajus, Jonathan and M{\"u}hleisen, Hannes},
  booktitle  = {International Conference on Scientific and Statistical Database Management},
  pages      = {12},
  year       = {2014},
  organization={ACM}
}


@inproceedings{ButtsS02,
  comment   = {describes dynamic code elimination},
  author    = {J. Adam Butts and
               Gurindar S. Sohi},
  title     = {{Dynamic dead-instruction detection and elimination}},
  booktitle = {Proceedings of the 10th International Conference on Architectural
               Support for Programming Languages and Operating Systems (ASPLOS-X),
               San Jose, California, USA, October 5-9, 2002.},
  pages     = {199--210},
  year      = {2002}
}

@misc{MatlabDB,
 title = {{MATLAB Database Toolbox}},
 howpublished = "\url{https://www.mathworks.com/products/database.html}",
 note = "[Online; accessed 01-August-2017]"
}

@misc{MatlabML,
 title = {{MATLAB Machine Learning Toolbox}},
 howpublished = "\url{https://www.mathworks.com/solutions/machine-learning.html}",
 note = "[Online; accessed 01-August-2017]"
}

@inproceedings{bienia2008parsec,
  comment  = {describes reference for blackscholes},
  title    = {{The PARSEC benchmark suite: Characterization and architectural implications}},
  author   = {Bienia, Christian and Kumar, Sanjeev and Singh, Jaswinder Pal and Li, Kai},
  booktitle= {Proceedings of the 17th international conference on Parallel architectures and compilation techniques},
  pages    = {72--81},
  year     = {2008},
  organization={ACM}
}

@inproceedings{bergstra2010theano,
  comment = {describes NumPy in machine learning},
  title={{Theano: A CPU and GPU math compiler in Python}},
  author={Bergstra, James and Breuleux, Olivier and Bastien, Fr{\'e}d{\'e}ric and Lamblin, Pascal and Pascanu, Razvan and Desjardins, Guillaume and Turian, Joseph and Warde-Farley, David and Bengio, Yoshua},
  booktitle={Proc. 9th Python in Science Conf},
  pages={1--7},
  year={2010}
}

@misc{rlang,
  comment = {describes R},
  title   = {{R: A Language and Environment for Statistical Computing}},
  author  = {{R Core Team}},
  organization = {R Foundation for Statistical Computing},
  address = {Vienna, Austria},
  year    = {2014},
  url     = {http://www.R-project.org/},
}

@misc{TPCH2017,
  comment   = {added by Joseph, describes TPC-H benchmark},
  author    = "{Transaction Processing Performance Council}",
  title     = {{TPC Benchmark H}},
  year      = 2017
}


@article{CoddE1970,
  comment   = {added by Joseph, Relational Algebra was first described in this work},
  title     = {{A Relational Model of Data for Large Shared Data Banks}},
  author    = {Codd, Edgar F},
  journal   = {Communications of the ACM},
  volume    = {13},
  number    = {6},
  pages     = {377--387},
  year      = {1970},
  publisher = {ACM}
}

@inproceedings{AbadiD2008,
  comment   = {added by Joseph, describes the performance adv. of column-stores over row-stores},
  title     = {{Column-Stores vs. Row-Stores: How Different Are They Really?}},
  author    = {Abadi, Daniel J and Madden, Samuel R and Hachem, Nabil},
  booktitle = {Special Interest Group on Management of Data (SIGMOD)},
  pages     = {967--980},
  year      = {2008},
  organization={ACM}
}

@article{IdreosS2012,
  comment   = {added by Joseph, brief intro to MonetDB, history, design, etc.,.},
  title     = {{MonetDB: Two Decades of Research in Column-oriented Database Architectures}},
  author    = {Idreos, Stratos and Groffen, Fabian and Nes, Niels and Manegold, Stefan and Mullender, Sjoerd and Kersten, Martin},
  journal   = {IEEE Data Eng. Bull.},
  journal_full  = {A Quarterly Bulletin of the IEEE Computer Society Technical Committee on Database Engineering},
  volume    = {35},
  number    = {1},
  pages     = {40--45},
  year      = {2012}
}

@article{CeriS1985,
  comment   = {added by Joseph, a Paper on parsing SQL into relational operators},
  title     = {{Translating SQL into Relational Algebra: Optimization, Semantics, and Equivalence of SQL Queries}},
  author    = {Ceri, Stefano and Gottlob, Georg},
  journal   = {Transactions on Software Engineering},
  number    = {4},
  pages     = {324--345},
  year      = {1985},
  publisher = {IEEE}
}

@article{SmithJ1975,
  comment   = {added by Joseph, a Paper on how relational algebra can be optimized},
  title     = {{Optimizing the Performance of a Relational Algebra Database Interface}},
  author    = {Smith, John Miles and Chang, Philip Yen-Tang},
  journal   = {Communications of the ACM},
  volume    = {18},
  number    = {10},
  pages     = {568--579},
  year      = {1975},
  publisher = {ACM}
}

@inproceedings{ReddyN2005,
  comment   = {added by Joseph, a Paper on the usefulness of visualization of RDBMS query execution plans},
  title     = {{Analyzing Plan Diagrams of Database Query Optimizers}},
  author    = {Reddy, Naveen and Haritsa, Jayant R},
  booktitle = {VLDB},
  pages     = {1228--1239},
  year      = {2005},
  organization={VLDB Endowment}
}


@article{FarberF2012,
  comment   = {added by Joseph, SAP HANA database},
  title     = {{SAP HANA Database: Data Management for Modern Business Applications}},
  author    = {F{\"a}rber, Franz and Cha, Sang Kyun and Primsch, J{\"u}rgen and Bornh{\"o}vd, Christof and Sigg, Stefan and Lehner, Wolfgang},
  journal   = {Special Interest Group on Management of Data (SIGMOD'12)},
  volume    = {40},
  number    = {4},
  pages     = {45--51},
  year      = {2012},
  publisher = {ACM}
}

@article{Jenkins89,
  comment   = {describes Q'Nial},
  author    = {Michael A. Jenkins},
  title     = {{Q'Nial; {A} Portable Interpreter for the Nested Interactive Array
               Language, Nial}},
  journal   = {Software: Practice and Experience},
  volume    = {19},
  number    = {2},
  pages     = {111--126},
  year      = {1989}
}

@article{chen2013eli,
  comment = {describes ELI},
  title={{ELI: A Simple System for Array Programming}},
  author={Chen, Hanfeng and Ching, Wai-Mee},
  volume={26},
  number={1},
  journal={Vector, the Journal of the British APL Association},
  pages={94--103},
  year={2013}
}

@article{horwitz1990interprocedural,
  comment = {describes interprocedural slicing},
  title={{Interprocedural slicing using dependence graphs}},
  author={Horwitz, Susan and Reps, Thomas and Binkley, David},
  journal={ACM Transactions on Programming Languages and Systems (TOPLAS)},
  volume={12},
  number={1},
  pages={26--60},
  year={1990},
  publisher={ACM}
}


@inproceedings{FoleyH16matjuice,
    comment={describes a potential optimization},
    author    = {Vincent Foley{-}Bourgon and Laurie J. Hendren},
    title     = {{Efficiently Implementing the Copy Semantics of MATLAB's Arrays in JavaScript}},
    booktitle = {{Dynamic Languages Symposium (DLS'16)}},
    pages     = {72--83},
    year      = {2016}
}


@inproceedings{menon1999case,
  comment={describes source-level vectorization},
  title={{A Case for Source-level Transformations in MATLAB}},
  author={Menon, Vijay and Pingali, Keshav},
  booktitle={Domain-specific Languages (DSL'99')},
  pages={53--65},
  year={1999},
  organization={ACM}
}


@inproceedings{KumarH14,
  comment   = {describes how type is important for generating efficient code},
  author    = {Vineet Kumar and
               Laurie J. Hendren},
  title     = {{MIX10: compiling {MATLAB} to {X10} for high performance}},
  booktitle = {{Conference on Object-oriented Programming, Systems, and Applications}}, 
  pages     = {617--636},
  year      = {2014}
}

@book{parr13antlr,
  comment={describes antlr 4 reference},
  title={{The definitive ANTLR 4 reference}},
  author={Parr, Terence},
  year={2013},
  publisher={Pragmatic Bookshelf}
}

@article{kennedy2001fast,
  comment  = {describe fast greedy algo.},
  title    = {{Fast Greedy Weighted Fusion}},
  author   = {Kennedy, Ken},
  journal  = {International Journal of Parallel Programming},
  volume   = {29},
  number   = {5},
  pages    = {463--491},
  year     = {2001},
  publisher= {Springer}
}

@inproceedings{ching1994aplcompiler,
  comment  = {see title},
  title    = {{An experimental APL compiler for a distributed memory parallel machine}},
  author   = {Ching, Wai Mee and Katz, Alex},
  booktitle= {Proceedings of the 1994 ACM/IEEE conference on Supercomputing},
  pages    = {59--68},
  year     = {1994},
  organization= {IEEE Computer Society Press}
}

@article{ju1994:array,
  comment  = {see title},
  title    = {{The classification, fusion, and parallelization of array language primitives}},
  author   = {Ju, D-CR and Wu, Chuan-Lin and Carini, Paul},
  journal  = {IEEE Transactions on Parallel and Distributed Systems},
  volume   = {5},
  number   = {10},
  pages    = {1113--1120},
  year     = {1994},
  publisher= {IEEE}
}

@inproceedings{ZhouJ2002,
  comment   = {added by Joseph, benefits of CPU cache in operators/algorithms for column-store architecture},
  title     = {{Implementing Database Operations Using SIMD Instructions}},
  author    = {Zhou, Jingren and Ross, Kenneth A},
  booktitle = {Special Interest Group on Management of Data (SIGMOD)},
  pages     = {145--156},
  year      = {2002},
  organization={ACM}
}

@inproceedings{HarizopoulosS2008,
  comment   = {added by Joseph, study that showed DB architecture is not up to date with hardware advancements.},
  title     = {{OLTP through the Looking Glass, and What We Found There}},
  author    = {Harizopoulos, Stavros and Abadi, Daniel J and Madden, Samuel and Stonebraker, Michael},
  booktitle = {Special Interest Group on Management of Data (SIGMOD)},
  pages     = {981--992},
  year      = {2008},
  organization={ACM}
}


@article{ZhangH2015,
  comment   = {added by Joseph, a survey that captures many recent optimizations, including compiler based among database implementations.},
  title     = {In-Memory Big Data Management and Processing: A Survey},
  author    = {Zhang, Hao and Chen, Gang and Ooi, Beng Chin and Tan, Kian-Lee and Zhang, Meihui},
  journal   = {IEEE Trans. on Knowl. and Data Eng.},
  volume    = {27},
  number    = {7},
  pages     = {1920--1948},
  year      = {2015},
  publisher ={IEEE}
}


@article{ValduriezP1987,
  comment   = {added by Joseph, Join index concept in RDBMS},
  title     = {{Join Indices}},
  author    = {Valduriez, Patrick},
  journal   = {ACM Transactions on Database Systems (TODS)},
  volume    = {12},
  number    = {2},
  pages     = {218--246},
  year      = {1987},
  publisher = {ACM}
}

@article{parnas1972,
  title    = {{On the Criteria to Be Used in Decomposing Systems into Modules}},
  author   = {Parnas, David Lorge},
  journal  = {Communications of the ACM},
  volume   = {15},
  number   = {12},
  pages    = {1053--1058},
  year     = {1972},
  publisher= {ACM}
}

@misc{monetdb_optimizer,
 author  = {{MonetDB}},
 title   = {{MonetDB Optimizer Pipelines}},
 year    = 2018,
 url     = "https://www.monetdb.org/Documentation/Cookbooks/SQLrecipes/OptimizerPipelines",
 lastaccessed = "June 2018"
}

@article{rose1999:techniques,
  Author = {Luiz De Rose and David A. Padua},
  Title = {{Techniques for the Translation of MATLAB Programs into Fortran 90}},
  Journal = {ACM Trans. Program. Lang. Syst.},
  Year = {1999},
  Volume = {21},
  Number = {2},
  Pages = {286--323},
}

@article{Iverson80:TuringLecture,
  Author = {Kenneth E. Iverson},
  Title = {{Notation as a Tool of Thought}},
  Journal = {Commun. {ACM}},
  Year = {1980},
  Volume = {23},
  Number = {8},
  Pages = {444--465}
}

@inproceedings{Chen18:TVM,
  Author    = {Tianqi Chen and Thierry Moreau and Ziheng Jiang and Lianmin Zheng
               and Eddie Q. Yan and Haichen Shen and Meghan Cowan and Leyuan Wang and
               Yuwei Hu and Luis Ceze and Carlos Guestrin and Arvind Krishnamurthy},
  Title     = {{TVM:} An Automated End-to-End Optimizing Compiler for Deep Learning},
  Booktitle = {13th {USENIX} Symposium on Operating Systems Design and
              Implementation, {OSDI} 2018, Carlsbad, CA, USA, October 8-10, 2018.},
  Year      = {2018},
  Pages     = {578--594}
}

@inproceedings{Wang2015:vectorization,
  Author    = {Haichuan Wang and David A. Padua and Peng Wu},
  Title     = {{Vectorization of Apply to Reduce Interpretation Overhead of R}},
  Booktitle = {{OOPSLA}},
  Year      = {2015},
  Pages     = {400--415}
}

@article{Shaikhha2018:LoopFusion,
    Author  = {Amir Shaikhha and Mohammad Dashti and Christoph Koch},
    Title   = {{Push versus pull-based loop fusion in query engines}},
    Journal = {J. Funct. Program.},
    Year    = {2018},
    Volume  = {28},
    Pages   = {e10}
}

@article{Menon2017:Peloton,
    Author  = {Prashanth Menon and Andrew Pavlo and Todd C. Mowry},
    Title   = {{Relaxed Operator Fusion for In-Memory Databases: Making Compilation, Vectorization, and Prefetching Work Together At Last}},
    Journal = {{PVLDB}},
    Year    = {2017},
    Volume  = {11},
    Number  = {1},
    Pages   = {1--13}
}

@article{Kennedy01:FastFusion,
    Author  = {Ken Kennedy},
    Title   = {Fast Greedy Weighted Fusion},
    Journal = {International Journal of Parallel Programming},
    Year    = {2001},
    Volume  = {29},
    Number  = {5},
    Pages   = {463--491}
}

@inproceedings{FunkeBNMT18:HorseQC,
    Author  = {Henning Funke and Sebastian Bre{\ss} and Stefan Noll and Volker Markl and Jens Teubner},
    Title   = {{Pipelined Query Processing in Coprocessor Environments}},
    Booktitle = {Proceedings of the 2018 International Conference on Management of Data (SIGMOD'18)},
    Year    = {2018},
    Pages   = {1603--1618}
}

@inproceedings{Stonebraker2005:C-Store,
    Author = {Michael Stonebraker and Daniel J. Abadi and Adam Batkin and
              Xuedong Chen and Mitch Cherniack and Miguel Ferreira and Edmond Lau and
              Amerson Lin and Samuel Madden and Elizabeth J. O'Neil and Patrick E. O'Neil
              and Alex Rasin and Nga Tran and Stanley B. Zdonik},
    Title  = {{C-Store: A Column-oriented DBMS}},
    Booktitle = {Proceedings of the 31st International Conference on Very Large Data Bases (VLDB'05')},
    Year   = {2005},
    Pages  = {553--564}
}

@misc{msqlserver,
    author  = {{Microsoft}},
    title   = {{Microsoft SQL Server}},
    year    = 2019,
    url     = "https://www.microsoft.com/en-ca/sql-server/sql-server-2019",
    lastaccessed = "September 2019"
}

@inproceedings{Kristien19:LiftPatterns,
    Author    = {Martin Kristien and Bruno Bodin and Michel Steuwer and Christophe Dubach},
    Title     = {{High-level Synthesis of Functional Patterns with LIFT}},
    Booktitle = {ARRAY@PLDI '19},
    Year      = {2019},
    Pages     = {35--45}
}

@article{Palkar18:Weld,
    Author  = {Shoumik Palkar and James J. Thomas and Deepak Narayanan and
        Pratiksha Thaker and Rahul Palamuttam and Parimarjan Negi and Anil Shanbhag
        and Malte Schwarzkopf and Holger Pirk and Saman P. Amarasinghe and Samuel
        Madden and Matei Zaharia},
    Title   = {{Evaluating End-to-End Optimization for Data Analytics Applications in Weld}},
    Journal = {{PVLDB}},
    Year    = {2018},
    Volume  = {11},
    Number  = {9},
    Pages   = {1002--1015}
}

@inproceedings{Krikellas10:HIQUE,
    Author    = {Konstantinos Krikellas and Stratis Viglas and Marcelo Cintra},
    Title     = {{Generating Code for Holistic Query Evaluation}},
    Booktitle = {Proceedings of the 26th International Conference on Data Engineering, {ICDE '10}},
    Year      = {2010},
    Pages     = {613--624},
}



